@Misc{GeslabV1,
	author = {Álvaro de Luis de Miguel},
	title = {Geslab 1.0: Trabajo Fin de Grado Ingeniería Informática},
	year = {1999},
	howpublished = {\url{https://github.com/masantamario/Geslab-2.0/blob/master/doc/Geslab.pdf}}
}

@Misc{ doc:Bootstrap4,
       author = {Bootstrap},
       title = {Get Started with Bootstrap},
       howpublished = {\url{https://getbootstrap.com/docs/4.1/getting-started/introduction/}}
}

@Misc{ curso:JSPin25Steps,
       author = {in28Minutes Oficial},
       title = {Java Servlets and JSP - Build Java EE(JEE) app in 25 Steps},
       howpublished = {\url{https://www.udemy.com/course/learn-java-servlets-and-jsp-web-application-in-25-steps/}}
}

@Misc{ tutorial:javaMySQL,
       author = {Algoritmos y Algo más},
       title = {Cómo conectar Java (Eclipse) con MySQL - Explicación detallada y fácil},
       howpublished = {\url{https://www.youtube.com/watch?v=UXPrmfNYJHM}}
}

@Misc{ doc:pruebas,
       author = {Junta de Andalucía},
       title = {Plantilla Plan de Pruebas Funcionales},
       howpublished = {\url{http://www.juntadeandalucia.es/servicios/madeja/contenido/recurso/462}}
}
